%% Main bibliography file
%%
%% REFER TO biblatex documentation for details about possible fields
%% bibtex support depends on the bibtex style (.bst) and is usually more limited

@article{godel1931formal,
  title={{\"U}ber formal unentscheidbare S{\"a}tze der Principia Mathematica und verwandter Systeme I},
  author={G{\"o}del, Kurt},
  journal={Monatshefte f{\"u}r mathematik und physik},
  volume={38},
  pages={173--198},
  year={1931},
  publisher={Springer}
}

@article{arjovsky2019invariant,
  title={Invariant risk minimization},
  author={Arjovsky, Martin and Bottou, L{\'e}on and Gulrajani, Ishaan and Lopez-Paz, David},
  journal={arXiv preprint arXiv:1907.02893},
  year={2019}
}

@inproceedings{tishby2015deep,
  title={Deep learning and the information bottleneck principle},
  author={Tishby, Naftali and Zaslavsky, Noga},
  booktitle={2015 ieee information theory workshop (itw)},
  pages={1--5},
  year={2015},
  organization={IEEE}
}

@inproceedings{krueger2021out,
  title={Out-of-distribution generalization via risk extrapolation (rex)},
  author={Krueger, David and Caballero, Ethan and Jacobsen, Joern-Henrik and Zhang, Amy and Binas, Jonathan and Zhang, Dinghuai and Le Priol, Remi and Courville, Aaron},
  booktitle={International Conference on Machine Learning},
  pages={5815--5826},
  year={2021},
  organization={PMLR}
}

@article{pfister2019invariant,
  title={Invariant causal prediction for sequential data},
  author={Pfister, Niklas and B{\"u}hlmann, Peter and Peters, Jonas},
  journal={Journal of the American Statistical Association},
  volume={114},
  number={527},
  pages={1264--1276},
  year={2019},
  publisher={Taylor \& Francis}
}

@book{grunwald2007minimum,
  title={The minimum description length principle},
  author={Gr{\"u}nwald, Peter D},
  year={2007},
  publisher={MIT press}
}

@article{grunwald2019minimum,
  title={Minimum description length revisited},
  author={Gr{\"u}nwald, Peter and Roos, Teemu},
  journal={International journal of mathematics for industry},
  volume={11},
  number={01},
  pages={1930001},
  year={2019},
  publisher={World Scientific}
}

@article{richens2024robust,
  title={Robust agents learn causal world models},
  author={Richens, Jonathan and Everitt, Tom},
  journal={arXiv preprint arXiv:2402.10877},
  year={2024}
}

@article{solomonoff1964formal,
  title={A formal theory of inductive inference. Part I},
  author={Solomonoff, Ray J},
  journal={Information and control},
  volume={7},
  number={1},
  pages={1--22},
  year={1964},
  publisher={Elsevier}
}

@article{peters2016causal,
  title={Causal inference by using invariant prediction: identification and confidence intervals},
  author={Peters, Jonas and B{\"u}hlmann, Peter and Meinshausen, Nicolai},
  journal={Journal of the Royal Statistical Society Series B: Statistical Methodology},
  volume={78},
  number={5},
  pages={947--1012},
  year={2016},
  publisher={Oxford University Press}
}

@article{ahuja2021invariance,
  title={Invariance principle meets information bottleneck for out-of-distribution generalization},
  author={Ahuja, Kartik and Caballero, Ethan and Zhang, Dinghuai and Gagnon-Audet, Jean-Christophe and Bengio, Yoshua and Mitliagkas, Ioannis and Rish, Irina},
  journal={Advances in Neural Information Processing Systems},
  volume={34},
  pages={3438--3450},
  year={2021}
}

@article{xu2019can,
  title={What can neural networks reason about?},
  author={Xu, Keyulu and Li, Jingling and Zhang, Mozhi and Du, Simon S and Kawarabayashi, Ken-ichi and Jegelka, Stefanie},
  journal={arXiv preprint arXiv:1905.13211},
  year={2019}
}

@article{jacot2018neural,
  title={Neural tangent kernel: Convergence and generalization in neural networks},
  author={Jacot, Arthur and Gabriel, Franck and Hongler, Cl{\'e}ment},
  journal={Advances in neural information processing systems},
  volume={31},
  year={2018}
}

@article{hornik1989multilayer,
  title={Multilayer feedforward networks are universal approximators},
  author={Hornik, Kurt and Stinchcombe, Maxwell and White, Halbert},
  journal={Neural networks},
  volume={2},
  number={5},
  pages={359--366},
  year={1989},
  publisher={Elsevier}
}

@article{legg2007universal,
  title={Universal intelligence: A definition of machine intelligence},
  author={Legg, Shane and Hutter, Marcus},
  journal={Minds and machines},
  volume={17},
  pages={391--444},
  year={2007},
  publisher={Springer}
}

@book{li2008kolmogorov,
  title={An introduction to Kolmogorov complexity and its applications},
  author={Li, Ming and Vit{\'a}nyi, Paul and others},
  volume={3},
  year={2008},
  publisher={Springer}
}

@article{zhang2021understanding,
  title={Understanding deep learning (still) requires rethinking generalization},
  author={Zhang, Chiyuan and Bengio, Samy and Hardt, Moritz and Recht, Benjamin and Vinyals, Oriol},
  journal={Communications of the ACM},
  volume={64},
  number={3},
  pages={107--115},
  year={2021},
  publisher={ACM New York, NY, USA}
}

@article{lake2017building,
  title={Building machines that learn and think like people},
  author={Lake, Brenden M and Ullman, Tomer D and Tenenbaum, Joshua B and Gershman, Samuel J},
  journal={Behavioral and brain sciences},
  volume={40},
  pages={e253},
  year={2017},
  publisher={Cambridge University Press}
}

@article{solomonoff1978complexity,
  title={Complexity-based induction systems: comparisons and convergence theorems},
  author={Solomonoff, Ray},
  journal={IEEE transactions on Information Theory},
  volume={24},
  number={4},
  pages={422--432},
  year={1978},
  publisher={IEEE}
}
